@misc{rplace,
  title = {r/Place [Электронный ресурс]},
  url   = {https://www.reddit.com/r/place/}
}

@misc{pixelplace,
  title = {PixelPlace.io [Электронный ресурс]},
  url   = {https://pixelplace.io/}
}

@misc{pixelcanvas,
  title    = {PixelCanvas.io [Электронный ресурс]},
  url      = {https://pixelcanvas.io/},
  language = {russian}
}

@book{java,
  author    = {H. Schildt},
  title     = {Java: The Complete Reference, Ninth Edition},
  isbn      = {978-0-07-180856-9},
  publisher = {McGraw-Hill Education},
  pages     = {17 - 23},
  year      = {2014},
  language  = {russian}
}

@misc{spring,
  title = {Spring Guides [Электронный ресурс]},
  url   = {https://spring.io/guides}
}

@misc{mdn,
  title = {Resources for Developers, by Developers [Электронный ресурс]},
  url   = {https://developer.mozilla.org/en-US/}
}

@misc{idea,
  title = {IntelliJ IDEA: The IDE for Professional Development in Java and Kotlin [Электронный ресурс]},
  url   = {https://www.jetbrains.com/idea/}
}

@misc{vscode,
  title = {Visual Studio Code [Электронный ресурс]},
  url   = {https://code.visualstudio.com/}
}

@misc{jino,
  title = {Джино: Виртуальный хостинг [Электронный ресурс]},
  url   = {https://jino.ru/}
}